@inproceedings{zhi2011practical,
  title={A practical method for multi-domain clock skew optimization},
  author={Zhi, Yanling and Zhou, Hai and Zeng, Xuan},
  booktitle={Design Automation Conference (ASP-DAC), 2011 16th Asia and South Pacific},
  pages={521--526},
  year={2011},
  organization={IEEE}
}

@inproceedings{zhi2011efficient,
  title={An efficient algorithm for multi-domain clock skew scheduling},
  author={Zhi, Yanling and Luk, Wai-Shing and Zhou, Hai and Yan, Changhao and Zhu, Hengliang and Zeng, Xuan},
  booktitle={Design, Automation \& Test in Europe Conference \& Exhibition (DATE), 2011},
  pages={1--6},
  year={2011},
  organization={IEEE}
}

@article{zhi2012smipref,
  title={SmipRef: An efficient method for multi-domain clock skew scheduling},
  author={Zhi, Yanling and Luk, Wai-Shing and Zhou, Hai and Zeng, Xuan},
  journal={Integration, the VLSI Journal},
  year={2012},
  publisher={Elsevier}
}

@article{yanling2012yield,
  title={Yield-Driven Clock Skew Scheduling for Arbitrary Distributions of Critical Path Delays},
  author={Yanling, ZHI and Wai-Shing, LUK and Yi, WANG and Changhao, YAN and Xuan, ZENG},
  journal={IEICE TRANSACTIONS on Fundamentals of Electronics, Communications and Computer Sciences},
  volume={95},
  number={12},
  pages={2172--2181},
  year={2012},
  publisher={The Institute of Electronics, Information and Communication Engineers}
}
